@article{Hox_WingRegulation,
  title={Homeotic genes and the regulation and evolution of insect wing number},
  author={Carroll, S.B. and Weatherbee, S.D. and Langeland, J.A.},
  journal={Nature},
  volume={375},
  pages={58--61},
  year={1995}
}

@article{Hox_Segmentation,
  title={A gene complex controlling segmentation in Drosophila},
  author={Lewis, E.B. and others},
  journal={Nature},
  volume={276},
  number={5688},
  pages={565},
  year={1978}
}

@article{Hox_HomoeoticSequence,
  title={A conserved DNA sequence in homoeotic genes of the Drosophila Antennapedia and bithorax complexes.},
  author={McGinnis, W. and Levine, MS and Hafen, E. and Kuroiwa, A. and Gehring, WJ and others},
  journal={Nature},
  volume={308},
  number={5958},
  pages={428},
  year={1984}
}

@article{Hox_BithoraxReview,
  title={Cis-regulation in the Drosophila bithorax Complex},
  author={Maeda, R.K. and Karch, F.},
  journal={Hox Genes},
  pages={17--40},
  year={2010},
  publisher={Springer}
}

@article{Hox_Gradient,
  title={From gradients to stripes in  \emph{Drosophila} embryogenesis: filling in the gaps},
  author={Rivera-Pomar, R. and J{\~a}ckle, H.},
  journal={Trends in Genetics},
  volume={12},
  number={11},
  pages={478--483},
  year={1996},
  publisher={Elsevier}
}

@article{Hox_PatternPolarity,
  title={The origin of pattern and polarity in the Drosophila embryo},
  author={Johnston, D.S. and N{\"u}sslein-Volhard, C.},
  journal={Cell},
  volume={68},
  number={2},
  pages={201--219},
  year={1991},
  publisher={Cell Press}
}
